<response>
  <total>21</total>
  <search_id>FGluY2x1ZGVfY29udGV4dF91dWlkDnF1ZXJ5VGhlbkZldGNoAhZZcnN1ckhib1RxV1k2QTdIUVQzeFVRAAAAAAFYVTQWY3VZUi1tZW9TNGVGaWF5TnQ1NWVhdxZfc0FSV1YzMVE5S0wtQy1La240M0pnAAAAAACO4YwWclV3TXdJR09RQkdxU3cxN2RXU2wyQQ==</search_id>
  <collection xmlns="http://www.loc.gov/MARC21/slim">
    <record>
      <controlfield tag="001">219031</controlfield>
      <controlfield tag="005">20250321021911.0</controlfield>
      <datafield tag="035" ind1=" " ind2=" ">
        <subfield code="a">(ohc)2044</subfield>
      </datafield>
      <datafield tag="041" ind1=" " ind2=" ">
        <subfield code="a">eng</subfield>
      </datafield>
      <datafield tag="245" ind1=" " ind2=" ">
        <subfield code="a">Richard Carlbom on the Minnesota Campaign and Field Organizing at Freedom to Marry</subfield>
      </datafield>
      <datafield tag="260" ind1=" " ind2=" ">
        <subfield code="a">Berkeley, CA</subfield>
        <subfield code="b">Oral History Center</subfield>
        <subfield code="c">2017</subfield>
      </datafield>
      <datafield tag="269" ind1=" " ind2=" ">
        <subfield code="a">2017</subfield>
      </datafield>
      <datafield tag="336" ind1=" " ind2=" ">
        <subfield code="a">Text</subfield>
      </datafield>
      <datafield tag="500" ind1=" " ind2=" ">
        <subfield code="a">Carlbom, Richard. "Richard Carlbom on the Minnesota Campaign and Field Organizing at Freedom to Marry." Interview by Martin Meeker in 2016. Oral History Center, The Bancroft Library, University of California, Berkeley, 2017.</subfield>
      </datafield>
      <datafield tag="500" ind1=" " ind2=" ">
        <subfield code="a">Interview date(s) 2016</subfield>
      </datafield>
      <datafield tag="520" ind1=" " ind2=" ">
        <subfield code="a">Richard Carlbom was the campaign director for Minnesotans United for All Families and served as state director at Freedom to Marry. Carlbom is a Minnesota native who was elected mayor of the town of St. Joseph, Minnesota, just after he graduated college in 2004. He went on to work with other state elected officials before being named campaign director in opposition to a state ballot initiative that would have written discrimination into the state constitution. After winning marriage in Minnesota in 2013, Carlbom joined Freedom to Marry. In this interview, Carlbom describes in detail the two Minnesota campaigns, in 2012 and 2013.</subfield>
      </datafield>
      <datafield tag="540" ind1=" " ind2=" ">
        <subfield code="a">Researchers may make free and open use of the UC Berkeley Library’s digitized public domain materials. However, some materials in our online collections may be protected by U.S. copyright law (Title 17, U.S.C.). Use or reproduction of materials protected by copyright beyond that allowed by fair use (Title 17, U.S.C. § 107) requires permission from the copyright owners. The use or reproduction of some materials may also be restricted by terms of University of California gift or purchase agreements, privacy and publicity rights, or trademark law. Responsibility for determining rights status and permissibility of any use or reproduction rests exclusively with the researcher. To learn more or make inquiries, please see our permissions policies (https://www.lib.berkeley.edu/visit/bancroft/oral-history-center/projects?section=permissions).</subfield>
      </datafield>
      <datafield tag="650" ind1=" " ind2=" ">
        <subfield code="a">Advocacy and Philanthropy</subfield>
      </datafield>
      <datafield tag="655" ind1=" " ind2=" ">
        <subfield code="a">Oral histories.</subfield>
      </datafield>
      <datafield tag="700" ind1="1" ind2=" ">
        <subfield code="a">Carlbom, Richard</subfield>
        <subfield code="e">interviewee</subfield>
      </datafield>
      <datafield tag="700" ind1="1" ind2=" ">
        <subfield code="a">Meeker, Martin</subfield>
        <subfield code="e">interviewer</subfield>
      </datafield>
      <datafield tag="852" ind1=" " ind2=" ">
        <subfield code="c">The Bancroft Library Oral History Center</subfield>
      </datafield>
      <datafield tag="856" ind1="4" ind2=" ">
        <subfield code="9">f062f743-c985-45da-ad58-59c09d8f9791</subfield>
        <subfield code="s">400167</subfield>
        <subfield code="u">https://digicoll.lib.berkeley.edu/record/219031/files/carlbom_richard_2017.pdf</subfield>
      </datafield>
      <datafield tag="856" ind1="4" ind2="2">
        <subfield code="u">https://www.youtube.com/edit?o=U&amp;video_id=Y9eWjMzTIFU</subfield>
        <subfield code="y">View Video Excerpt</subfield>
      </datafield>
      <datafield tag="856" ind1="4" ind2="2">
        <subfield code="u">https://www.youtube.com/edit?o=U&amp;video_id=TILZ4KdS-AY</subfield>
        <subfield code="y">View Video Excerpt</subfield>
      </datafield>
      <datafield tag="856" ind1="4" ind2="2">
        <subfield code="u">https://www.youtube.com/edit?o=U&amp;video_id=w83KjP66etA</subfield>
        <subfield code="y">View Video Excerpt</subfield>
      </datafield>
      <datafield tag="856" ind1="4" ind2="1">
        <subfield code="u">https://www.lib.berkeley.edu/visit/bancroft/oral-history-center/projects/freedom-to-marry</subfield>
        <subfield code="y">Project website</subfield>
      </datafield>
      <datafield tag="902" ind1=" " ind2=" ">
        <subfield code="d">2021-02-19</subfield>
        <subfield code="n">SMS</subfield>
      </datafield>
      <datafield tag="909" ind1="C" ind2="O">
        <subfield code="o">oai:digicoll.lib.berkeley.edu:219031</subfield>
        <subfield code="p">ohc</subfield>
        <subfield code="p">ohc_980</subfield>
        <subfield code="p">sfg</subfield>
        <subfield code="q">mcleanCalisphere_oai</subfield>
      </datafield>
      <datafield tag="980" ind1=" " ind2=" ">
        <subfield code="a">OHC: Freedom Marry</subfield>
      </datafield>
      <datafield tag="982" ind1=" " ind2=" ">
        <subfield code="a">Freedom to Marry Oral Histories</subfield>
        <subfield code="b">Freedom to Marry Oral Histories</subfield>
      </datafield>
    </record>