
    <record>
      <controlfield tag="001">219042</controlfield>
      <controlfield tag="005">20250321021912.0</controlfield>
      <datafield tag="035" ind1=" " ind2=" ">
        <subfield code="a">(ohc)2055</subfield>
      </datafield>
      <datafield tag="041" ind1=" " ind2=" ">
        <subfield code="a">eng</subfield>
      </datafield>
      <datafield tag="245" ind1=" " ind2=" ">
        <subfield code="a">Michael Crawford on the Digital Campaign at Freedom to Marry</subfield>
      </datafield>
      <datafield tag="260" ind1=" " ind2=" ">
        <subfield code="a">Berkeley, CA</subfield>
        <subfield code="b">Oral History Center</subfield>
        <subfield code="c">2017</subfield>
      </datafield>
      <datafield tag="269" ind1=" " ind2=" ">
        <subfield code="a">2017</subfield>
      </datafield>
      <datafield tag="336" ind1=" " ind2=" ">
        <subfield code="a">Text</subfield>
      </datafield>
      <datafield tag="500" ind1=" " ind2=" ">
        <subfield code="a">Crawford, Michael. "Michael Crawford on the Digital Campaign at Freedom to Marry." Interview by Martin Meeker in 2016. Oral History Center, The Bancroft Library, University of California, Berkeley, 2017.</subfield>
      </datafield>
      <datafield tag="500" ind1=" " ind2=" ">
        <subfield code="a">Interview date(s) 2016</subfield>
      </datafield>
      <datafield tag="520" ind1=" " ind2=" ">
        <subfield code="a">Michael Crawford was director of digital campaigns at Freedom to Marry from 2010 to 2016. Crawford was born in Houston, Texas, and attended the University of Houston. He moved to Washington DC in 1999 to work in preparation for the Millennium March for LGBT rights and then went to work for Human Rights Campaign as an associate field director. Crawford joined Freedom to Marry in 2010 where his focus was on mounting several, interrelated digital campaigns, expanding the organization’s email list, and increasing the campaign’s presence on social media. In this interview, Crawford tells about his upbringing and how he became involved in the LGBT movement. He recalls his introduction to the movement for marriage equality and his decision to join Freedom to Marry at a critical moment in the campaign. The interview details several of the key digital campaigns, such as Southerners for the Freedom to Marry, which began to sway public opinion in favor of extending marriage to same-sex couples.</subfield>
      </datafield>
      <datafield tag="540" ind1=" " ind2=" ">
        <subfield code="a">Researchers may make free and open use of the UC Berkeley Library’s digitized public domain materials. However, some materials in our online collections may be protected by U.S. copyright law (Title 17, U.S.C.). Use or reproduction of materials protected by copyright beyond that allowed by fair use (Title 17, U.S.C. § 107) requires permission from the copyright owners. The use or reproduction of some materials may also be restricted by terms of University of California gift or purchase agreements, privacy and publicity rights, or trademark law. Responsibility for determining rights status and permissibility of any use or reproduction rests exclusively with the researcher. To learn more or make inquiries, please see our permissions policies (https://www.lib.berkeley.edu/visit/bancroft/oral-history-center/projects?section=permissions).</subfield>
      </datafield>
      <datafield tag="650" ind1=" " ind2=" ">
        <subfield code="a">Advocacy and Philanthropy</subfield>
      </datafield>
      <datafield tag="655" ind1=" " ind2=" ">
        <subfield code="a">Oral histories.</subfield>
      </datafield>
      <datafield tag="700" ind1="1" ind2=" ">
        <subfield code="a">Crawford, Michael</subfield>
        <subfield code="e">interviewee</subfield>
      </datafield>
      <datafield tag="700" ind1="1" ind2=" ">
        <subfield code="a">Meeker, Martin</subfield>
        <subfield code="e">interviewer</subfield>
      </datafield>
      <datafield tag="852" ind1=" " ind2=" ">
        <subfield code="c">The Bancroft Library Oral History Center</subfield>
      </datafield>
      <datafield tag="856" ind1="4" ind2=" ">
        <subfield code="9">ebae0289-d9ac-4ad8-872c-532ab4be7203</subfield>
        <subfield code="s">352725</subfield>
        <subfield code="u">https://digicoll.lib.berkeley.edu/record/219042/files/crawford_michael_2017.pdf</subfield>
      </datafield>
      <datafield tag="856" ind1="4" ind2="1">
        <subfield code="u">https://www.lib.berkeley.edu/visit/bancroft/oral-history-center/projects/freedom-to-marry</subfield>
        <subfield code="y">Project website</subfield>
      </datafield>
      <datafield tag="902" ind1=" " ind2=" ">
        <subfield code="d">2021-02-19</subfield>
        <subfield code="n">SMS</subfield>
      </datafield>
      <datafield tag="909" ind1="C" ind2="O">
        <subfield code="o">oai:digicoll.lib.berkeley.edu:219042</subfield>
        <subfield code="p">ohc</subfield>
        <subfield code="p">ohc_980</subfield>
        <subfield code="p">sfg</subfield>
        <subfield code="q">mcleanCalisphere_oai</subfield>
      </datafield>
      <datafield tag="980" ind1=" " ind2=" ">
        <subfield code="a">OHC: Freedom Marry</subfield>
      </datafield>
      <datafield tag="982" ind1=" " ind2=" ">
        <subfield code="a">Freedom to Marry Oral Histories</subfield>
        <subfield code="b">Freedom to Marry Oral Histories</subfield>
      </datafield>
    </record>