
    <record>
      <controlfield tag="001">219048</controlfield>
      <controlfield tag="005">20250321021913.0</controlfield>
      <datafield tag="035" ind1=" " ind2=" ">
        <subfield code="a">(ohc)2061</subfield>
      </datafield>
      <datafield tag="041" ind1=" " ind2=" ">
        <subfield code="a">eng</subfield>
      </datafield>
      <datafield tag="245" ind1=" " ind2=" ">
        <subfield code="a">Jo Deutsch and the Federal Campaign</subfield>
      </datafield>
      <datafield tag="260" ind1=" " ind2=" ">
        <subfield code="a">Berkeley, CA</subfield>
        <subfield code="b">Oral History Center</subfield>
        <subfield code="c">2017</subfield>
      </datafield>
      <datafield tag="269" ind1=" " ind2=" ">
        <subfield code="a">2017</subfield>
      </datafield>
      <datafield tag="336" ind1=" " ind2=" ">
        <subfield code="a">Text</subfield>
      </datafield>
      <datafield tag="500" ind1=" " ind2=" ">
        <subfield code="a">Deutsch, Jo. "Jo Deutsch and the Federal Campaign." Interview by Martin Meeker in 2015. Oral History Center, The Bancroft Library, University of California, Berkeley, 2017.</subfield>
      </datafield>
      <datafield tag="500" ind1=" " ind2=" ">
        <subfield code="a">Interview date(s) 2015</subfield>
      </datafield>
      <datafield tag="520" ind1=" " ind2=" ">
        <subfield code="a">Jo Deutsch served as Freedom to Marry’s Federal Director from 2011 to 2015. Deutsch was born in 1960 in Florida, where she was raised. Deutsch became active as a feminist by the time she was in high school and feminism continued to influence her in college and through her work as a lobbyist on Capitol Hill for groups such as the Association of Flight Attendants. In this interview, Deutsch describes her upbringing, education, coming out as a lesbian, and many years working in DC representing labor organizations. She joined Freedom to Marry in 2011 and worked on legislation designed to overturn the Defense of Marriage Act (DOMA). When DOMA was overturned by the United States Supreme Court in 2013, she turned her attention to working with the DC-based media and increasing the number of elected officials who declared their support for marriage. In this interview, she discusses all of these activities along with the campaigns “Democrats: Say I Do,” “Mayors for the Freedom to Marry,” and “Young Conservatives for the Freedom to Marry.”</subfield>
      </datafield>
      <datafield tag="540" ind1=" " ind2=" ">
        <subfield code="a">Researchers may make free and open use of the UC Berkeley Library’s digitized public domain materials. However, some materials in our online collections may be protected by U.S. copyright law (Title 17, U.S.C.). Use or reproduction of materials protected by copyright beyond that allowed by fair use (Title 17, U.S.C. § 107) requires permission from the copyright owners. The use or reproduction of some materials may also be restricted by terms of University of California gift or purchase agreements, privacy and publicity rights, or trademark law. Responsibility for determining rights status and permissibility of any use or reproduction rests exclusively with the researcher. To learn more or make inquiries, please see our permissions policies (https://www.lib.berkeley.edu/visit/bancroft/oral-history-center/projects?section=permissions).</subfield>
      </datafield>
      <datafield tag="650" ind1=" " ind2=" ">
        <subfield code="a">Advocacy and Philanthropy</subfield>
      </datafield>
      <datafield tag="655" ind1=" " ind2=" ">
        <subfield code="a">Oral histories.</subfield>
      </datafield>
      <datafield tag="700" ind1="1" ind2=" ">
        <subfield code="a">Deutsch, Jo</subfield>
        <subfield code="e">interviewee</subfield>
      </datafield>
      <datafield tag="700" ind1="1" ind2=" ">
        <subfield code="a">Meeker, Martin</subfield>
        <subfield code="e">interviewer</subfield>
      </datafield>
      <datafield tag="852" ind1=" " ind2=" ">
        <subfield code="c">The Bancroft Library Oral History Center</subfield>
      </datafield>
      <datafield tag="856" ind1="4" ind2=" ">
        <subfield code="9">1ec3f882-7452-4c88-9fde-4e8ff46541c5</subfield>
        <subfield code="s">347056</subfield>
        <subfield code="u">https://digicoll.lib.berkeley.edu/record/219048/files/deutsch_jo_2017.pdf</subfield>
      </datafield>
      <datafield tag="856" ind1="4" ind2="2">
        <subfield code="u">https://www.youtube.com/edit?o=U&amp;video_id=Y9eWjMzTIFU</subfield>
        <subfield code="y">View Video Excerpt</subfield>
      </datafield>
      <datafield tag="856" ind1="4" ind2="1">
        <subfield code="u">https://www.lib.berkeley.edu/visit/bancroft/oral-history-center/projects/freedom-to-marry</subfield>
        <subfield code="y">Project website</subfield>
      </datafield>
      <datafield tag="902" ind1=" " ind2=" ">
        <subfield code="d">2021-02-19</subfield>
        <subfield code="n">SMS</subfield>
      </datafield>
      <datafield tag="909" ind1="C" ind2="O">
        <subfield code="o">oai:digicoll.lib.berkeley.edu:219048</subfield>
        <subfield code="p">ohc</subfield>
        <subfield code="p">ohc_980</subfield>
        <subfield code="p">sfg</subfield>
        <subfield code="q">mcleanCalisphere_oai</subfield>
      </datafield>
      <datafield tag="980" ind1=" " ind2=" ">
        <subfield code="a">OHC: Freedom Marry</subfield>
      </datafield>
      <datafield tag="982" ind1=" " ind2=" ">
        <subfield code="a">Freedom to Marry Oral Histories</subfield>
        <subfield code="b">Freedom to Marry Oral Histories</subfield>
      </datafield>
    </record>