
    <record>
      <controlfield tag="001">219055</controlfield>
      <controlfield tag="005">20250321021914.0</controlfield>
      <datafield tag="035" ind1=" " ind2=" ">
        <subfield code="a">(ohc)2068</subfield>
      </datafield>
      <datafield tag="041" ind1=" " ind2=" ">
        <subfield code="a">eng</subfield>
      </datafield>
      <datafield tag="245" ind1=" " ind2=" ">
        <subfield code="a">James Esseks on Legal Strategy,
          the ACLU, and LGBT Legal Organizations</subfield>
      </datafield>
      <datafield tag="260" ind1=" " ind2=" ">
        <subfield code="a">Berkeley, CA</subfield>
        <subfield code="b">Oral History Center</subfield>
        <subfield code="c">2017</subfield>
      </datafield>
      <datafield tag="269" ind1=" " ind2=" ">
        <subfield code="a">2017</subfield>
      </datafield>
      <datafield tag="336" ind1=" " ind2=" ">
        <subfield code="a">Text</subfield>
      </datafield>
      <datafield tag="500" ind1=" " ind2=" ">
        <subfield code="a">Esseks, James. "James Esseks on Legal Strategy,
          the ACLU, and LGBT Legal Organizations." Interview by Martin Meeker in 2015. Oral History Center, The Bancroft Library, University of California, Berkeley, 2017.</subfield>
      </datafield>
      <datafield tag="500" ind1=" " ind2=" ">
        <subfield code="a">Interview date(s) 2015</subfield>
      </datafield>
      <datafield tag="520" ind1=" " ind2=" ">
        <subfield code="a">James Esseks is Director of the ACLU Lesbian Gay Bisexual Transgender &amp; HIV Project. Esseks was raised in Long Island, New York, and attended Yale as an undergraduate and then Harvard Law School. After clerking for U.S. Circuit Judge James R. Browning on the Ninth Circuit Court of Appeals and U.S. District Court Judge Robert L. Carter in the Southern District of New York, he worked for the law firm of Vladeck, Waldman, Elias &amp; Englehard. In 2001 he was hired by the ACLU as Litigation Director for the Lesbian Gay Bisexual Transgender &amp; HIV Project. In this interview, Esseks discusses the freedom to marry movement from the vantage point of the legal strategy to win marriage, including the ways in which the various organizations collaborated. Further, he details the pivotal cases on which he worked, including United States v. Windsor (2013) and Obergefell v. Hodges (2015).</subfield>
      </datafield>
      <datafield tag="540" ind1=" " ind2=" ">
        <subfield code="a">Researchers may make free and open use of the UC Berkeley Library’s digitized public domain materials. However, some materials in our online collections may be protected by U.S. copyright law (Title 17, U.S.C.). Use or reproduction of materials protected by copyright beyond that allowed by fair use (Title 17, U.S.C. § 107) requires permission from the copyright owners. The use or reproduction of some materials may also be restricted by terms of University of California gift or purchase agreements, privacy and publicity rights, or trademark law. Responsibility for determining rights status and permissibility of any use or reproduction rests exclusively with the researcher. To learn more or make inquiries, please see our permissions policies (https://www.lib.berkeley.edu/visit/bancroft/oral-history-center/projects?section=permissions).</subfield>
      </datafield>
      <datafield tag="650" ind1=" " ind2=" ">
        <subfield code="a">Advocacy and Philanthropy</subfield>
      </datafield>
      <datafield tag="655" ind1=" " ind2=" ">
        <subfield code="a">Oral histories.</subfield>
      </datafield>
      <datafield tag="700" ind1="1" ind2=" ">
        <subfield code="a">Esseks, James</subfield>
        <subfield code="e">interviewee</subfield>
      </datafield>
      <datafield tag="700" ind1="1" ind2=" ">
        <subfield code="a">Meeker, Martin</subfield>
        <subfield code="e">interviewer</subfield>
      </datafield>
      <datafield tag="852" ind1=" " ind2=" ">
        <subfield code="c">The Bancroft Library Oral History Center</subfield>
      </datafield>
      <datafield tag="856" ind1="4" ind2=" ">
        <subfield code="9">0ccdcd0d-b9e0-40ff-adb3-bfea505f2a33</subfield>
        <subfield code="s">848893</subfield>
        <subfield code="u">https://digicoll.lib.berkeley.edu/record/219055/files/esseks_james_2017.pdf</subfield>
      </datafield>
      <datafield tag="856" ind1="4" ind2="1">
        <subfield code="u">https://www.lib.berkeley.edu/visit/bancroft/oral-history-center/projects/freedom-to-marry</subfield>
        <subfield code="y">Project website</subfield>
      </datafield>
      <datafield tag="902" ind1=" " ind2=" ">
        <subfield code="d">2021-02-19</subfield>
        <subfield code="n">SMS</subfield>
      </datafield>
      <datafield tag="909" ind1="C" ind2="O">
        <subfield code="o">oai:digicoll.lib.berkeley.edu:219055</subfield>
        <subfield code="p">ohc</subfield>
        <subfield code="p">ohc_980</subfield>
        <subfield code="p">sfg</subfield>
        <subfield code="q">mcleanCalisphere_oai</subfield>
      </datafield>
      <datafield tag="980" ind1=" " ind2=" ">
        <subfield code="a">OHC: Freedom Marry</subfield>
      </datafield>
      <datafield tag="982" ind1=" " ind2=" ">
        <subfield code="a">Freedom to Marry Oral Histories</subfield>
        <subfield code="b">Freedom to Marry Oral Histories</subfield>
      </datafield>
    </record>