
    <record>
      <controlfield tag="001">219069</controlfield>
      <controlfield tag="005">20250321021915.0</controlfield>
      <datafield tag="035" ind1=" " ind2=" ">
        <subfield code="a">(ohc)2082</subfield>
      </datafield>
      <datafield tag="041" ind1=" " ind2=" ">
        <subfield code="a">eng</subfield>
      </datafield>
      <datafield tag="245" ind1=" " ind2=" ">
        <subfield code="a">Kate Kendell on Legal Strategy,
          the National Center for Lesbian Rights,
          and LGBT Legal Organizations</subfield>
      </datafield>
      <datafield tag="260" ind1=" " ind2=" ">
        <subfield code="a">Berkeley, CA</subfield>
        <subfield code="b">Oral History Center</subfield>
        <subfield code="c">2017</subfield>
      </datafield>
      <datafield tag="269" ind1=" " ind2=" ">
        <subfield code="a">2017</subfield>
      </datafield>
      <datafield tag="336" ind1=" " ind2=" ">
        <subfield code="a">Text</subfield>
      </datafield>
      <datafield tag="500" ind1=" " ind2=" ">
        <subfield code="a">Kendall, Kate. "Kate Kendell on Legal Strategy,
          the National Center for Lesbian Rights,
          and LGBT Legal Organizations." Interview by Martin Meeker in 2016. Oral History Center, The Bancroft Library, University of California, Berkeley, 2017.</subfield>
      </datafield>
      <datafield tag="500" ind1=" " ind2=" ">
        <subfield code="a">Interview date(s) 2016</subfield>
      </datafield>
      <datafield tag="520" ind1=" " ind2=" ">
        <subfield code="a">Kate Kendell is the Executive Director of the National Center for Lesbian Rights. Kendell was born in Portland, Oregon, and raised in Ogden, Utah. She attended Weber State University as an undergraduate and University of Utah Law School. After working for a private law firm in Salt Lake City, Kendell took a position with the ACLU of Utah in 1990 and began doing civil rights law. In 1994 she moved to San Francisco to become Legal Director for the National Center for Lesbian Rights, becoming Executive Director in 1996. In this interview, Kendell discusses discusses the freedom to marry movement from the vantage point of the legal strategy to win marriage, including the ways in which the various organizations collaborated. Further, she details pivotal cases including In re Marriage Cases (2008), Hollingsworth v. Perry (2013), and Tanco v. Haslam (2015).</subfield>
      </datafield>
      <datafield tag="540" ind1=" " ind2=" ">
        <subfield code="a">Researchers may make free and open use of the UC Berkeley Library’s digitized public domain materials. However, some materials in our online collections may be protected by U.S. copyright law (Title 17, U.S.C.). Use or reproduction of materials protected by copyright beyond that allowed by fair use (Title 17, U.S.C. § 107) requires permission from the copyright owners. The use or reproduction of some materials may also be restricted by terms of University of California gift or purchase agreements, privacy and publicity rights, or trademark law. Responsibility for determining rights status and permissibility of any use or reproduction rests exclusively with the researcher. To learn more or make inquiries, please see our permissions policies (https://www.lib.berkeley.edu/visit/bancroft/oral-history-center/projects?section=permissions).</subfield>
      </datafield>
      <datafield tag="650" ind1=" " ind2=" ">
        <subfield code="a">Advocacy and Philanthropy</subfield>
      </datafield>
      <datafield tag="655" ind1=" " ind2=" ">
        <subfield code="a">Oral histories.</subfield>
      </datafield>
      <datafield tag="700" ind1="1" ind2=" ">
        <subfield code="a">Kendall, Kate</subfield>
        <subfield code="e">interviewee</subfield>
      </datafield>
      <datafield tag="700" ind1="1" ind2=" ">
        <subfield code="a">Meeker, Martin</subfield>
        <subfield code="e">interviewer</subfield>
      </datafield>
      <datafield tag="852" ind1=" " ind2=" ">
        <subfield code="c">The Bancroft Library Oral History Center</subfield>
      </datafield>
      <datafield tag="856" ind1="4" ind2=" ">
        <subfield code="9">837b326f-59c8-4f1f-9d03-d47c4d938d9e</subfield>
        <subfield code="s">661920</subfield>
        <subfield code="u">https://digicoll.lib.berkeley.edu/record/219069/files/kendell_kate_2017.pdf</subfield>
      </datafield>
      <datafield tag="856" ind1="4" ind2="2">
        <subfield code="u">https://www.youtube.com/edit?o=U&amp;video_id=Y9eWjMzTIFU</subfield>
        <subfield code="y">View Video Excerpt</subfield>
      </datafield>
      <datafield tag="856" ind1="4" ind2="2">
        <subfield code="u">https://www.youtube.com/edit?o=U&amp;video_id=TILZ4KdS-AY</subfield>
        <subfield code="y">View Video Excerpt</subfield>
      </datafield>
      <datafield tag="856" ind1="4" ind2="1">
        <subfield code="u">https://www.lib.berkeley.edu/visit/bancroft/oral-history-center/projects/freedom-to-marry</subfield>
        <subfield code="y">Project website</subfield>
      </datafield>
      <datafield tag="902" ind1=" " ind2=" ">
        <subfield code="d">2021-02-19</subfield>
        <subfield code="n">SMS</subfield>
      </datafield>
      <datafield tag="909" ind1="C" ind2="O">
        <subfield code="o">oai:digicoll.lib.berkeley.edu:219069</subfield>
        <subfield code="p">ohc</subfield>
        <subfield code="p">ohc_980</subfield>
        <subfield code="p">sfg</subfield>
        <subfield code="q">mcleanCalisphere_oai</subfield>
      </datafield>
      <datafield tag="980" ind1=" " ind2=" ">
        <subfield code="a">OHC: Freedom Marry</subfield>
      </datafield>
      <datafield tag="982" ind1=" " ind2=" ">
        <subfield code="a">Freedom to Marry Oral Histories</subfield>
        <subfield code="b">Freedom to Marry Oral Histories</subfield>
      </datafield>
    </record>