
    <record>
      <controlfield tag="001">219085</controlfield>
      <controlfield tag="005">20250321021917.0</controlfield>
      <datafield tag="035" ind1=" " ind2=" ">
        <subfield code="a">(ohc)2098</subfield>
      </datafield>
      <datafield tag="041" ind1=" " ind2=" ">
        <subfield code="a">eng</subfield>
      </datafield>
      <datafield tag="245" ind1=" " ind2=" ">
        <subfield code="a">John Newsome on “And Marriage for All”</subfield>
      </datafield>
      <datafield tag="260" ind1=" " ind2=" ">
        <subfield code="a">Berkeley, CA</subfield>
        <subfield code="b">Oral History Center</subfield>
        <subfield code="c">2017</subfield>
      </datafield>
      <datafield tag="269" ind1=" " ind2=" ">
        <subfield code="a">2017</subfield>
      </datafield>
      <datafield tag="336" ind1=" " ind2=" ">
        <subfield code="a">Text</subfield>
      </datafield>
      <datafield tag="500" ind1=" " ind2=" ">
        <subfield code="a">Newsome, John. "John Newsome on “And Marriage for All”." Interview by Brad Bailey in 2016. Oral History Center, The Bancroft Library, University of California, Berkeley, 2017.</subfield>
      </datafield>
      <datafield tag="500" ind1=" " ind2=" ">
        <subfield code="a">Interview date(s) 2016</subfield>
      </datafield>
      <datafield tag="520" ind1=" " ind2=" ">
        <subfield code="a">John Newsome was active in the freedom to marry movement through regional activism in the San Francisco Bay Area and Northern California and on a broader stage in the Civil Marriage Collaborative. In this interview, Newsome discusses his upbringing, coming to terms with his homosexuality, education, and political awareness. He worked on the “And Castro for All” campaign which addressed racial bias in San Francisco gay bars and then on the outgrowth of that campaign, “And Marriage for All,” which sought to mobilize communities of color around marriage equality.</subfield>
      </datafield>
      <datafield tag="540" ind1=" " ind2=" ">
        <subfield code="a">Researchers may make free and open use of the UC Berkeley Library’s digitized public domain materials. However, some materials in our online collections may be protected by U.S. copyright law (Title 17, U.S.C.). Use or reproduction of materials protected by copyright beyond that allowed by fair use (Title 17, U.S.C. § 107) requires permission from the copyright owners. The use or reproduction of some materials may also be restricted by terms of University of California gift or purchase agreements, privacy and publicity rights, or trademark law. Responsibility for determining rights status and permissibility of any use or reproduction rests exclusively with the researcher. To learn more or make inquiries, please see our permissions policies (https://www.lib.berkeley.edu/visit/bancroft/oral-history-center/projects?section=permissions).</subfield>
      </datafield>
      <datafield tag="650" ind1=" " ind2=" ">
        <subfield code="a">Advocacy and Philanthropy</subfield>
      </datafield>
      <datafield tag="655" ind1=" " ind2=" ">
        <subfield code="a">Oral histories.</subfield>
      </datafield>
      <datafield tag="700" ind1="1" ind2=" ">
        <subfield code="a">Newsome, John</subfield>
        <subfield code="e">interviewee</subfield>
      </datafield>
      <datafield tag="700" ind1="1" ind2=" ">
        <subfield code="a">Bailey, Brad</subfield>
        <subfield code="e">interviewer</subfield>
      </datafield>
      <datafield tag="852" ind1=" " ind2=" ">
        <subfield code="c">The Bancroft Library Oral History Center</subfield>
      </datafield>
      <datafield tag="856" ind1="4" ind2=" ">
        <subfield code="9">b421ebdd-c13f-4c54-9c09-ac44b19e7ee1</subfield>
        <subfield code="s">260287</subfield>
        <subfield code="u">https://digicoll.lib.berkeley.edu/record/219085/files/newsome_john_2017.pdf</subfield>
      </datafield>
      <datafield tag="856" ind1="4" ind2="1">
        <subfield code="u">https://www.lib.berkeley.edu/visit/bancroft/oral-history-center/projects/freedom-to-marry</subfield>
        <subfield code="y">Project website</subfield>
      </datafield>
      <datafield tag="902" ind1=" " ind2=" ">
        <subfield code="d">2021-02-19</subfield>
        <subfield code="n">SMS</subfield>
      </datafield>
      <datafield tag="909" ind1="C" ind2="O">
        <subfield code="o">oai:digicoll.lib.berkeley.edu:219085</subfield>
        <subfield code="p">ohc</subfield>
        <subfield code="p">ohc_980</subfield>
        <subfield code="p">sfg</subfield>
        <subfield code="q">mcleanCalisphere_oai</subfield>
      </datafield>
      <datafield tag="980" ind1=" " ind2=" ">
        <subfield code="a">OHC: Freedom Marry</subfield>
      </datafield>
      <datafield tag="982" ind1=" " ind2=" ">
        <subfield code="a">Freedom to Marry Oral Histories</subfield>
        <subfield code="b">Freedom to Marry Oral Histories</subfield>
      </datafield>
    </record>