
    <record>
      <controlfield tag="001">219109</controlfield>
      <controlfield tag="005">20250321021920.0</controlfield>
      <datafield tag="035" ind1=" " ind2=" ">
        <subfield code="a">(ohc)2122</subfield>
      </datafield>
      <datafield tag="041" ind1=" " ind2=" ">
        <subfield code="a">eng</subfield>
      </datafield>
      <datafield tag="245" ind1=" " ind2=" ">
        <subfield code="a">Evan Wolfson on the Leadership of the Freedom to Marry Movement</subfield>
      </datafield>
      <datafield tag="260" ind1=" " ind2=" ">
        <subfield code="a">Berkeley, CA</subfield>
        <subfield code="b">Oral History Center</subfield>
        <subfield code="c">2017</subfield>
      </datafield>
      <datafield tag="269" ind1=" " ind2=" ">
        <subfield code="a">2017</subfield>
      </datafield>
      <datafield tag="336" ind1=" " ind2=" ">
        <subfield code="a">Text</subfield>
      </datafield>
      <datafield tag="500" ind1=" " ind2=" ">
        <subfield code="a">Wolfson, Evan. "Evan Wolfson on the Leadership of the Freedom to Marry Movement." Interview by Martin Meeker in 2015 and 2016. Oral History Center, The Bancroft Library, University of California, Berkeley, 2017.</subfield>
      </datafield>
      <datafield tag="500" ind1=" " ind2=" ">
        <subfield code="a">Interview date(s) 2015</subfield>
      </datafield>
      <datafield tag="520" ind1=" " ind2=" ">
        <subfield code="a">Evan Wolfson was the founder and president of Freedom to Marry. Wolfson was born in 1957 in Brooklyn, New York, and raised in Pittsburg, Pennsylvania. Wolfson was active in political and social justice causes from an early age. He attended Yale as an undergraduate and then served in the Peace Corps from 1978-1980 in West Africa. He returned to the United States and enrolled in Harvard Law School. While at Harvard, he first developed the notion that securing marriage for same-sex couples was an important and necessary step in the broader movement of equality for gay men and lesbians. Wolfson worked as an assistant district attorney while also volunteering with Lambda Legal, the fledgling gay and lesbian legal defense organization. He later accepted a fulltime position as a litigator for Lambda and worked on many landmark cases, including Dale vs. Boy Scouts of America and many dealing with discrimination against people with AIDS. Wolfson played a key role in the Hawaii marriage cases in the 1990s which resulted in the first-ever trial in which the argument on behalf of extending marriage was given its first full hearing. Wolfson established Freedom to Marry in 2001 and the organization went public in 2003. Between 2003 and 2015, when Obergefell v. Hodges extended marriage nationwide to same-sex couples, Freedom to Marry served as a national campaign headquarters through which strategies were devised, messages crafted, and supporters mobilized. The campaign switched into high gear in 2009 and 2010 with the expansion of the organization and the hiring of new key staff members. All along, Wolfson served as the leader of his organization, working alongside movement partners at the legal and the political organizations. In this interview, Wolfson describes the formative experiences of his upbringing and education, in particular what motivated his decision to champion the extension of marriage when few in the gay movement thought it a worthy goal. He provides insight into the legal struggles of the 1980s and 1990s, when the challenges were many and the victories few. And he describes in depth the marriage movement through the lens of his work at Freedom to Marry. In particular, he discusses the development of a multi-dimensional strategy for winning marriage first in a handful of states and, ultimately, at the United States Supreme Court.</subfield>
      </datafield>
      <datafield tag="540" ind1=" " ind2=" ">
        <subfield code="a">Researchers may make free and open use of the UC Berkeley Library’s digitized public domain materials. However, some materials in our online collections may be protected by U.S. copyright law (Title 17, U.S.C.). Use or reproduction of materials protected by copyright beyond that allowed by fair use (Title 17, U.S.C. § 107) requires permission from the copyright owners. The use or reproduction of some materials may also be restricted by terms of University of California gift or purchase agreements, privacy and publicity rights, or trademark law. Responsibility for determining rights status and permissibility of any use or reproduction rests exclusively with the researcher. To learn more or make inquiries, please see our permissions policies (https://www.lib.berkeley.edu/visit/bancroft/oral-history-center/projects?section=permissions).</subfield>
      </datafield>
      <datafield tag="650" ind1=" " ind2=" ">
        <subfield code="a">Advocacy and Philanthropy</subfield>
      </datafield>
      <datafield tag="655" ind1=" " ind2=" ">
        <subfield code="a">Oral histories.</subfield>
      </datafield>
      <datafield tag="700" ind1="1" ind2=" ">
        <subfield code="a">Wolfson, Evan</subfield>
        <subfield code="e">interviewee</subfield>
      </datafield>
      <datafield tag="700" ind1="1" ind2=" ">
        <subfield code="a">Meeker, Martin</subfield>
        <subfield code="e">interviewer</subfield>
      </datafield>
      <datafield tag="852" ind1=" " ind2=" ">
        <subfield code="c">The Bancroft Library Oral History Center</subfield>
      </datafield>
      <datafield tag="856" ind1="4" ind2=" ">
        <subfield code="9">967afc95-75cd-456b-9ce5-250bcb25c55e</subfield>
        <subfield code="s">1814369</subfield>
        <subfield code="u">https://digicoll.lib.berkeley.edu/record/219109/files/wolfson_evan_2017.pdf</subfield>
      </datafield>
      <datafield tag="856" ind1="4" ind2="2">
        <subfield code="u">https://www.youtube.com/edit?o=U&amp;video_id=Y9eWjMzTIFU</subfield>
        <subfield code="y">View Video Excerpt</subfield>
      </datafield>
      <datafield tag="856" ind1="4" ind2="1">
        <subfield code="u">https://www.lib.berkeley.edu/visit/bancroft/oral-history-center/projects/freedom-to-marry</subfield>
        <subfield code="y">Project website</subfield>
      </datafield>
      <datafield tag="902" ind1=" " ind2=" ">
        <subfield code="d">2021-02-19</subfield>
        <subfield code="n">SMS</subfield>
      </datafield>
      <datafield tag="909" ind1="C" ind2="O">
        <subfield code="o">oai:digicoll.lib.berkeley.edu:219109</subfield>
        <subfield code="p">ohc</subfield>
        <subfield code="p">ohc_980</subfield>
        <subfield code="p">sfg</subfield>
        <subfield code="q">mcleanCalisphere_oai</subfield>
      </datafield>
      <datafield tag="980" ind1=" " ind2=" ">
        <subfield code="a">OHC: Freedom Marry</subfield>
      </datafield>
      <datafield tag="982" ind1=" " ind2=" ">
        <subfield code="a">Freedom to Marry Oral Histories</subfield>
        <subfield code="b">Freedom to Marry Oral Histories</subfield>
      </datafield>
    </record>